<?xml version="1.0" encoding="UTF-8"?><collection xmlns="http://www.loc.gov/MARC21/slim"><record><leader>00459nam--2200145-i-4500</leader><controlfield tag="001">000007874</controlfield><controlfield tag="002">20161230</controlfield><controlfield tag="005">20161230201027</controlfield><controlfield tag="008">060222s1000------------r-----000-0-eng-d</controlfield><datafield ind1=" " ind2=" " tag="100"><subfield code="a">Curtis, A.R</subfield></datafield><datafield ind1=" " ind2=" " tag="245"><subfield code="a">Tables of jacobian eliptic functions whose are rational fractions of the quarter period</subfield></datafield><datafield ind1=" " ind2=" " tag="260"><subfield code="a">London, Her Majesty S Stationery Office, 1964</subfield></datafield><datafield ind1=" " ind2=" " tag="490"><subfield code="a">Mathematical Tables</subfield><subfield code="v">vol. 7</subfield></datafield><datafield ind1=" " ind2=" " tag="852"><subfield code="a">517.7(083)</subfield><subfield code="c">518.2</subfield></datafield><datafield ind1=" " ind2=" " tag="CAT"><subfield code="a">Sys</subfield><subfield code="c">20100317</subfield><subfield code="h">121105</subfield></datafield></record></collection>